@article{bergelson2016bergelson,
  title={Bergelson seedlings homebank corpus},
  author={Bergelson, Elika},
  journal={doi},
  volume={10},
  pages={T5PK6D},
  year={2016}
}
@article{sullivan2021saycam,
  title={SAYCam: A large, longitudinal audiovisual dataset recorded from the infant’s perspective},
  author={Sullivan, Jessica and Mei, Michelle and Perfors, Andrew and Wojcik, Erica and Frank, Michael C},
  journal={Open mind},
  volume={5},
  pages={20--29},
  year={2021},
  publisher={MIT Press One Rogers Street, Cambridge, MA 02142-1209, USA journals-info~…}
}
@article{kusal2023systematic,
  title={A systematic review of applications of natural language processing and future challenges with special emphasis in text-based emotion detection},
  author={Kusal, Sheetal and Patil, Shruti and Choudrie, Jyoti and Kotecha, Ketan and Vora, Deepali and Pappas, Ilias},
  journal={Artificial Intelligence Review},
  volume={56},
  number={12},
  pages={15129--15215},
  year={2023},
  publisher={Springer}
}
@inproceedings{warstadt2023findings,
  title={Findings of the BabyLM Challenge: Sample-efficient pretraining on developmentally plausible corpora},
  author={Warstadt, Alex and Mueller, Aaron and Choshen, Leshem and Wilcox, Ethan and Zhuang, Chengxu and Ciro, Juan and Mosquera, Rafael and Paranjabe, Bhargavi and Williams, Adina and Linzen, Tal and others},
  booktitle={Proceedings of the BabyLM Challenge at the 27th Conference on Computational Natural Language Learning},
  year={2023}
}
@article{orhan2024learning,
  title={Learning high-level visual representations from a child’s perspective without strong inductive biases},
  author={Orhan, A Emin and Lake, Brenden M},
  journal={Nature Machine Intelligence},
  volume={6},
  number={3},
  pages={271--283},
  year={2024},
  publisher={Nature Publishing Group UK London}
}
@article{feng2024child,
  title={Is Child-Directed Speech Effective Training Data for Language Models?},
  author={Feng, Steven Y and Goodman, Noah D and Frank, Michael C},
  journal={arXiv preprint arXiv:2408.03617},
  year={2024}
}
@article{long2022automated,
  title={Automated detections reveal the social information in the changing infant view},
  author={Long, Bria L and Sanchez, Alessandro and Kraus, Allison M and Agrawal, Ketan and Frank, Michael C},
  journal={Child Development},
  volume={93},
  number={1},
  pages={101--116},
  year={2022},
  publisher={Wiley Online Library}
}
@article{long2022longitudinal,
  title={A longitudinal analysis of the social information in infants’ naturalistic visual experience using automated detections.},
  author={Long, Bria L and Kachergis, George and Agrawal, Ketan and Frank, Michael C},
  journal={Developmental Psychology},
  volume={58},
  number={12},
  pages={2211},
  year={2022},
  publisher={American Psychological Association}
}
@article{leong2023facial,
  title={Facial expression and body gesture emotion recognition: A systematic review on the use of visual data in affective computing},
  author={Leong, Sze Chit and Tang, Yuk Ming and Lai, Chung Hin and Lee, CKM},
  journal={Computer Science Review},
  volume={48},
  pages={100545},
  year={2023},
  publisher={Elsevier}
}
@article{canedo2019facial,
  title={Facial expression recognition using computer vision: A systematic review},
  author={Canedo, Daniel and Neves, Antonio JR},
  journal={Applied Sciences},
  volume={9},
  number={21},
  pages={4678},
  year={2019},
  publisher={MDPI}
}
@article{bergelson2019day,
  title={Day by day, hour by hour: Naturalistic language input to infants},
  author={Bergelson, Elika and Amatuni, Andrei and Dailey, Shannon and Koorathota, Sharath and Tor, Shaelise},
  journal={Developmental science},
  volume={22},
  number={1},
  pages={e12715},
  year={2019},
  publisher={Wiley Online Library}
}
@article{brady2024effects,
  title={Effects of conflicting emotional cues on toddlers’ emotion perception},
  author={Brady, Shannon M and Ogren, Marissa and Johnson, Scott P},
  journal={British Journal of Developmental Psychology},
  year={2024},
  publisher={Wiley Online Library}
}
@article{grossmann2010development,
  title={The development of emotion perception in face and voice during infancy},
  author={Grossmann, Tobias},
  journal={Restorative neurology and neuroscience},
  volume={28},
  number={2},
  pages={219--236},
  year={2010},
  publisher={IOS Press}
}
@article{haviland1987induced,
  title={The induced affect response: 10-week-old infants' responses to three emotion expressions.},
  author={Haviland, Jeannette M and Lelwica, Mary},
  journal={Developmental psychology},
  volume={23},
  number={1},
  pages={97},
  year={1987},
  publisher={American Psychological Association}
}
@article{sabater2023acquisition,
  title={The acquisition of emotion-laden words from childhood to adolescence},
  author={Sabater, Luc{\'\i}a and Ponari, Marta and Haro, Juan and Fern{\'a}ndez-Folgueiras, Uxia and Moreno, Eva M and Pozo, Miguel A and Ferr{\'e}, Pilar and Hinojosa, Jos{\'e} A},
  journal={Current Psychology},
  volume={42},
  number={33},
  pages={29280--29290},
  year={2023},
  publisher={Springer}
}
@article{andrews2009integrating,
  title={Integrating experiential and distributional data to learn semantic representations.},
  author={Andrews, Mark and Vigliocco, Gabriella and Vinson, David},
  journal={Psychological review},
  volume={116},
  number={3},
  pages={463},
  year={2009},
  publisher={American Psychological Association}
}
@article{flom2007development,
  title={The development of infant discrimination of affect in multimodal and unimodal stimulation: The role of intersensory redundancy.},
  author={Flom, Ross and Bahrick, Lorraine E},
  journal={Developmental psychology},
  volume={43},
  number={1},
  pages={238},
  year={2007},
  publisher={American Psychological Association}
}
@conference{LoBue2024,
  author = {LoBue, V. and Ogrent, M. and Leottit, L. and Hoemann, K. and Oakes, L. M. and Barrett, L. F.},
  title = {Describing the emotional environment of the infant},
  booktitle = {Biennial Meeting of the International Congress on Infant Studies},
  year = {2024},
  month = {July},
  address = {Glasgow, Scotland}
}
@conference{Ogren2024,
  author = {Ogren, M. and Leottit, L. and Hoemann, K. and Oakes, L. M. and Barrett, L. F. and LoBue, V.},
  title = {The early emotional environment: What facial configurations do infants typically see in natural social interactions?},
  booktitle = {International Society for Research on Emotion Conference},
  year = {2024},
  month = {July},
  address = {Belfast, Ireland}
}
@article{long2024babyview-a,
  title={The BabyView camera: designing a new head-mounted camera to capture children’s early social and visual environments},
  author={Long, Bria L and Goodin, Sarah and Kachergis, George and Marchman, Virginia A and Radwan, Samaher F and Sparks, Robert Z and Xiang, Violet and Zhuang, Chengxu and Hsu, Oliver and Newman, Brett and others},
  journal={Behavior Research Methods},
  volume={56},
  number={4},
  pages={3523--3534},
  year={2024},
  publisher={Springer}
}
@article{long2024babyview-b,
  title={The BabyView dataset: High-resolution egocentric videos of infants' and young children's everyday experiences},
  author={Long, Bria L and Xiang, Violet and Stojanov, Stefan and Sparks, Robert Z and Yin, Zi and Keene, Grace E and Tan, Alvin WM and Feng, Steven Y and Zhuang, Chengxu and Marchman, Virginia A and others},
  journal={arXiv preprint arXiv:2406.10447},
  year={2024}
}
@inproceedings{braginsky2016uh,
  title={From uh-oh to tomorrow: Predicting age of acquisition for early words across languages.},
  author={Braginsky, Mika and Yurovsky, Daniel and Marchman, Virginia A and Frank, Mike},
  booktitle={CogSci},
  volume={6},
  year={2016}
}
@article{braginsky2019consistency,
  title={Consistency and variability in children’s word learning across languages},
  author={Braginsky, Mika and Yurovsky, Daniel and Marchman, Virginia A and Frank, Michael C},
  journal={Open Mind},
  volume={3},
  pages={52--67},
  year={2019},
  publisher={MIT Press One Rogers Street, Cambridge, MA 02142-1209, USA journals-info~…}
}
@article{brent2001role,
  title={The role of exposure to isolated words in early vocabulary development},
  author={Brent, Michael R and Siskind, Jeffrey Mark},
  journal={Cognition},
  volume={81},
  number={2},
  pages={B33--B44},
  year={2001},
  publisher={Elsevier}
}
@article{swingley2018quantitative,
  title={Quantitative linguistic predictors of infants’ learning of specific English words},
  author={Swingley, Daniel and Humphrey, Colman},
  journal={Child development},
  volume={89},
  number={4},
  pages={1247--1267},
  year={2018},
  publisher={Wiley Online Library}
}
@article{kosie2024infant,
  title={Infant-directed communication: Examining the many dimensions of everyday caregiver-infant interactions},
  author={Kosie, Jessica E and Lew-Williams, Casey},
  journal={Developmental Science},
  volume={27},
  number={5},
  pages={e13515},
  year={2024},
  publisher={Wiley Online Library}
}
@article{benders2013mommy,
  title={Mommy is only happy! Dutch mothers’ realisation of speech sounds in infant-directed speech expresses emotion, not didactic intent},
  author={Benders, Titia},
  journal={Infant Behavior and Development},
  volume={36},
  number={4},
  pages={847--862},
  year={2013},
  publisher={Elsevier}
}
@article{singh2002infants,
  title={Infants' listening preferences: Baby talk or happy talk?},
  author={Singh, Leher and Morgan, James L and Best, Catherine T},
  journal={Infancy},
  volume={3},
  number={3},
  pages={365--394},
  year={2002},
  publisher={Wiley Online Library}
}
@article{fernald1987acoustic,
  title={Acoustic determinants of infant preference for motherese speech},
  author={Fernald, Anne and Kuhl, Patricia},
  journal={Infant behavior and development},
  volume={10},
  number={3},
  pages={279--293},
  year={1987},
  publisher={Elsevier}
}
@article{fernald1989intonation,
  title={Intonation and communicative intent in mothers' speech to infants: Is the melody the message?},
  author={Fernald, Anne},
  journal={Child development},
  pages={1497--1510},
  year={1989},
  publisher={JSTOR}
}
@article{fernald1992human,
  title={Human maternal vocalizations to in-fants as biologically relevant signals []},
  author={Fernald, A},
  journal={The adapted mind: Evolu-tionary psychology and the generation of culture},
  year={1992}
}
@article{kitamura1998infant,
  title={The infant's response to maternal vocal affect},
  author={Kitamura, Christine and Burnham, Denis},
  journal={Advances in infancy research},
  volume={12},
  pages={221--236},
  year={1998},
  publisher={Ablex Publishing Corporation}
}
@article{trainor2000infant,
  title={Is infant-directed speech prosody a result of the vocal expression of emotion?},
  author={Trainor, Laurel J and Austin, Caren M and Desjardins, Ren{\'e}e N},
  journal={Psychological science},
  volume={11},
  number={3},
  pages={188--195},
  year={2000},
  publisher={SAGE Publications Sage CA: Los Angeles, CA}
}
@article{hennessy2023building,
  title={Building the bond: The social-emotional role of infant-directed speech \& song},
  author={Hennessy, Victoria and Zhao, T Christina},
  year={2023},
  publisher={PsyArXiv}
}
@article{goldstein2008social,
  title={Social feedback to infants' babbling facilitates rapid phonological learning},
  author={Goldstein, Michael H and Schwade, Jennifer A},
  journal={Psychological science},
  volume={19},
  number={5},
  pages={515--523},
  year={2008},
  publisher={SAGE Publications Sage CA: Los Angeles, CA}
}
@article{panneton2024positive,
  title={Positive valence contributes to hyperarticulation in maternal speech to infants and puppies},
  author={Panneton, Robin and Cristia, Alejandrina and Taylor, Caroline and Christine, MOON},
  journal={Journal of Child Language},
  volume={51},
  number={5},
  pages={1230--1240},
  year={2024},
  publisher={Cambridge University Press}
}
@article{panneton2006slow,
  title={Slow speech enhances younger but not older infants' perception of vocal emotion},
  author={Panneton, Robin and Kitamura, Christine and Mattock, Karen and Burnham, Denis},
  journal={Research in Human Development},
  volume={3},
  number={1},
  pages={7--19},
  year={2006},
  publisher={Taylor \& Francis}
}
@article{kim2013young,
  title={Do young infants prefer an infant-directed face or a happy face?},
  author={Kim, Hojin I and Johnson, Scott P},
  journal={International Journal of Behavioral Development},
  volume={37},
  number={2},
  pages={125--130},
  year={2013},
  publisher={SAGE Publications Sage UK: London, England}
}
@article{zieber2014infants,
  title={Infants' perception of emotion from body movements},
  author={Zieber, Nicole and Kangas, Ashley and Hock, Alyson and Bhatt, Ramesh S},
  journal={Child development},
  volume={85},
  number={2},
  pages={675--684},
  year={2014},
  publisher={Wiley Online Library}
}
@article{morgan2023mother,
  title={Mother--child neural synchronization is time linked to mother--child positive affective state matching},
  author={Morgan, Judith K and Santosa, Hendrik and Conner, Kaetlyn K and Fridley, Rachel M and Forbes, Erika E and Iyengar, Satish and Joseph, Heather M and Huppert, Theodore J},
  journal={Social Cognitive and Affective Neuroscience},
  volume={18},
  number={1},
  pages={nsad001},
  year={2023},
  publisher={Oxford University Press UK}
}
@article{nguyen2024visualizing,
  title={Visualizing the invisible tie: Linking parent--child neural synchrony to parents’ and children's attachment representations},
  author={Nguyen, Trinh and Kungl, Melanie T and Hoehl, Stefanie and White, Lars O and Vrti{\v{c}}ka, Pascal},
  journal={Developmental Science},
  volume={27},
  number={6},
  pages={e13504},
  year={2024},
  publisher={Wiley Online Library}
}
@article{nencheva2023caregiver,
  title={Caregiver speech predicts the emergence of children's emotion vocabulary},
  author={Nencheva, Mira L and Tamir, Diana I and Lew-Williams, Casey},
  journal={Child development},
  volume={94},
  number={3},
  pages={585--602},
  year={2023},
  publisher={Wiley Online Library}
}
@article{nencheva2024word,
  title={Word repetition and isolation are intertwined in children’s early language experiences},
  author={Nencheva, Mira L and Schwab, Jessica F and Lew-Williams, Casey and Fausey, Caitlin M},
  journal={Open Mind},
  volume={8},
  pages={1330--1347},
  year={2024},
  publisher={MIT Press 255 Main Street, 9th Floor, Cambridge, Massachusetts 02142, USA~…}
}
@article{ponari2020role,
  title={The role of emotional valence in learning novel abstract concepts.},
  author={Ponari, Marta and Norbury, Courtenay Frazier and Vigliocco, Gabriella},
  journal={Developmental Psychology},
  volume={56},
  number={10},
  pages={1855},
  year={2020},
  publisher={American Psychological Association}
}
@article{ponari2018acquisition,
  title={Acquisition of abstract concepts is influenced by emotional valence},
  author={Ponari, Marta and Norbury, Courtenay Frazier and Vigliocco, Gabriella},
  journal={Developmental science},
  volume={21},
  number={2},
  pages={e12549},
  year={2018},
  publisher={Wiley Online Library}
}
@misc{Savani2024,
  author = {Savani, Bhadresh},
  title = {bert-base-uncased-emotion [Pretrained model]},
  year = {2024},
  publisher = {Hugging Face},
  url = {https://huggingface.co/bhadresh-savani/bert-base-uncased-emotion}
}
@article{cheong2023py,
  title={Py-feat: Python facial expression analysis toolbox},
  author={Cheong, Jin Hyun and Jolly, Eshin and Xie, Tiankang and Byrne, Sophie and Kenney, Matthew and Chang, Luke J},
  journal={Affective Science},
  volume={4},
  number={4},
  pages={781--796},
  year={2023},
  publisher={Springer}
}
@article{lmerTest,
  title = {{lmerTest} Package: Tests in Linear Mixed Effects Models},
  author = {Alexandra Kuznetsova and Per B. Brockhoff and Rune H. B. Christensen},
  journal = {Journal of Statistical Software},
  year = {2017},
  volume = {82},
  number = {13},
  pages = {1--26},
  doi = {10.18637/jss.v082.i13},
}
@article{lme4,
  title = {Fitting Linear Mixed-Effects Models Using {lme4}},
  author = {Douglas Bates and Martin M{\"a}chler and Ben Bolker and Steve Walker},
  journal = {Journal of Statistical Software},
  year = {2015},
  volume = {67},
  number = {1},
  pages = {1--48},
  doi = {10.18637/jss.v067.i01},
}
@article{wu2023angry,
  title={Angry, Sad, or Scared? Within-valence Mapping of Emotion Words to Facial and Body Cues in 2 to 4-Year-Old Children},
  author={Wu, Yang and Matteson, Hannah M and Baker, Claire M and Frank, Michael C},
  journal={Collabra: Psychology},
  volume={9},
  number={1},
  pages={74333},
  year={2023},
  publisher={University of California Press}
}